<record><leader>00000cas a22000007a 4500</leader><controlfield tag="001">45293930</controlfield><controlfield tag="008">001107c199u9999meuwx n       0   a0eng c</controlfield><datafield ind1=" " ind2=" " tag="010"><subfield code="a">   00213065 </subfield></datafield><datafield ind1=" " ind2=" " tag="040"><subfield code="a">NSD</subfield><subfield code="b">eng</subfield><subfield code="c">NSD</subfield><subfield code="d">OCLCQ</subfield></datafield><datafield ind1=" " ind2=" " tag="012"><subfield code="m">0</subfield></datafield><datafield ind1="1" ind2=" " tag="022"><subfield code="a">1532-3358</subfield><subfield code="l">1532-3358</subfield><subfield code="2">1</subfield></datafield><datafield ind1=" " ind2=" " tag="042"><subfield code="a">nsdp</subfield><subfield code="a">pcc</subfield></datafield><datafield ind1="0" ind2=" " tag="130"><subfield code="a">Portland business journal (Mail ed.)</subfield></datafield><datafield ind1=" " ind2="4" tag="222"><subfield code="a">The Portland business journal</subfield><subfield code="b">(Mail ed.)</subfield></datafield><datafield ind1="1" ind2="4" tag="245"><subfield code="a">The Portland business journal.</subfield></datafield><datafield ind1=" " ind2=" " tag="250"><subfield code="a">Mail ed.</subfield></datafield><datafield ind1=" " ind2=" " tag="260"><subfield code="a">Portland, Me. :</subfield><subfield code="b">Southern Maine Business Publications</subfield></datafield><datafield ind1=" " ind2=" " tag="300"><subfield code="a">v.</subfield></datafield><datafield ind1=" " ind2=" " tag="310"><subfield code="a">Forty-eight no. a year</subfield></datafield><datafield ind1=" " ind2=" " tag="580"><subfield code="a">Also issued in a "street edition."</subfield></datafield><datafield ind1=" " ind2=" " tag="588"><subfield code="a">Description based on: Vol. 3, no. 7 (Oct. 17-25, 2000).</subfield></datafield><datafield ind1=" " ind2=" " tag="752"><subfield code="a">United States</subfield><subfield code="b">Maine</subfield><subfield code="c">Cumberland</subfield><subfield code="d">Portland.</subfield></datafield><datafield ind1="1" ind2=" " tag="029"><subfield code="a">AU@</subfield><subfield code="b">000022104410</subfield></datafield></record>